%YAML 1.1
%TAG !u! tag:unity3d.com,2011:
--- !u!1 &7701789366413758832
GameObject:
  m_ObjectHideFlags: 0
  m_CorrespondingSourceObject: {fileID: 0}
  m_PrefabInstance: {fileID: 0}
  m_PrefabAsset: {fileID: 0}
  serializedVersion: 6
  m_Component:
  - component: {fileID: 7037314445441846218}
  - component: {fileID: 6198725116332229743}
  - component: {fileID: 8206329206801871013}
  - component: {fileID: 3856821694493847850}
  m_Layer: 0
  m_Name: Tree_free_02_Prefab
  m_TagString: Untagged
  m_Icon: {fileID: 0}
  m_NavMeshLayer: 0
  m_StaticEditorFlags: 0
  m_IsActive: 1
--- !u!4 &7037314445441846218
Transform:
  m_ObjectHideFlags: 0
  m_CorrespondingSourceObject: {fileID: 0}
  m_PrefabInstance: {fileID: 0}
  m_PrefabAsset: {fileID: 0}
  m_GameObject: {fileID: 7701789366413758832}
  serializedVersion: 2
  m_LocalRotation: {x: 0, y: -0, z: -0, w: 1}
  m_LocalPosition: {x: 0, y: 0, z: 0}
  m_LocalScale: {x: 1, y: 1, z: 1}
  m_ConstrainProportionsScale: 0
  m_Children:
  - {fileID: 8808442752157009906}
  m_Father: {fileID: 0}
  m_LocalEulerAnglesHint: {x: 0, y: 0, z: 0}
--- !u!33 &6198725116332229743
MeshFilter:
  m_ObjectHideFlags: 0
  m_CorrespondingSourceObject: {fileID: 0}
  m_PrefabInstance: {fileID: 0}
  m_PrefabAsset: {fileID: 0}
  m_GameObject: {fileID: 7701789366413758832}
  m_Mesh: {fileID: -7910828633185619122, guid: f82a4c5865031b340a55d3e2de020a04, type: 3}
--- !u!23 &8206329206801871013
MeshRenderer:
  m_ObjectHideFlags: 0
  m_CorrespondingSourceObject: {fileID: 0}
  m_PrefabInstance: {fileID: 0}
  m_PrefabAsset: {fileID: 0}
  m_GameObject: {fileID: 7701789366413758832}
  m_Enabled: 1
  m_CastShadows: 1
  m_ReceiveShadows: 1
  m_DynamicOccludee: 1
  m_StaticShadowCaster: 0
  m_MotionVectors: 1
  m_LightProbeUsage: 1
  m_ReflectionProbeUsage: 1
  m_RayTracingMode: 2
  m_RayTraceProcedural: 0
  m_RenderingLayerMask: 1
  m_RendererPriority: 0
  m_Materials:
  - {fileID: 2100000, guid: 2e6eafc53d848684995edbd849cd88dd, type: 2}
  m_StaticBatchInfo:
    firstSubMesh: 0
    subMeshCount: 0
  m_StaticBatchRoot: {fileID: 0}
  m_ProbeAnchor: {fileID: 0}
  m_LightProbeVolumeOverride: {fileID: 0}
  m_ScaleInLightmap: 1
  m_ReceiveGI: 1
  m_PreserveUVs: 0
  m_IgnoreNormalsForChartDetection: 0
  m_ImportantGI: 0
  m_StitchLightmapSeams: 1
  m_SelectedEditorRenderState: 3
  m_MinimumChartSize: 4
  m_AutoUVMaxDistance: 0.5
  m_AutoUVMaxAngle: 89
  m_LightmapParameters: {fileID: 0}
  m_SortingLayerID: 0
  m_SortingLayer: 0
  m_SortingOrder: 0
  m_AdditionalVertexStreams: {fileID: 0}
--- !u!64 &3856821694493847850
MeshCollider:
  m_ObjectHideFlags: 0
  m_CorrespondingSourceObject: {fileID: 0}
  m_PrefabInstance: {fileID: 0}
  m_PrefabAsset: {fileID: 0}
  m_GameObject: {fileID: 7701789366413758832}
  m_Material: {fileID: 0}
  m_IncludeLayers:
    serializedVersion: 2
    m_Bits: 0
  m_ExcludeLayers:
    serializedVersion: 2
    m_Bits: 0
  m_LayerOverridePriority: 0
  m_IsTrigger: 0
  m_ProvidesContacts: 0
  m_Enabled: 1
  serializedVersion: 5
  m_Convex: 0
  m_CookingOptions: 30
  m_Mesh: {fileID: -7910828633185619122, guid: f82a4c5865031b340a55d3e2de020a04, type: 3}
--- !u!1001 &8803525338443747310
PrefabInstance:
  m_ObjectHideFlags: 0
  serializedVersion: 2
  m_Modification:
    serializedVersion: 3
    m_TransformParent: {fileID: 7037314445441846218}
    m_Modifications:
    - target: {fileID: 1323533898846632, guid: 07232b84fecc54e45b2e071b6885bb96, type: 3}
      propertyPath: m_Name
      value: Pine_v1_2
      objectReference: {fileID: 0}
    - target: {fileID: 4934219150772252, guid: 07232b84fecc54e45b2e071b6885bb96, type: 3}
      propertyPath: m_LocalScale.x
      value: 1.702
      objectReference: {fileID: 0}
    - target: {fileID: 4934219150772252, guid: 07232b84fecc54e45b2e071b6885bb96, type: 3}
      propertyPath: m_LocalScale.y
      value: 1.702
      objectReference: {fileID: 0}
    - target: {fileID: 4934219150772252, guid: 07232b84fecc54e45b2e071b6885bb96, type: 3}
      propertyPath: m_LocalScale.z
      value: 1.702
      objectReference: {fileID: 0}
    - target: {fileID: 4934219150772252, guid: 07232b84fecc54e45b2e071b6885bb96, type: 3}
      propertyPath: m_LocalPosition.x
      value: 0
      objectReference: {fileID: 0}
    - target: {fileID: 4934219150772252, guid: 07232b84fecc54e45b2e071b6885bb96, type: 3}
      propertyPath: m_LocalPosition.y
      value: 0
      objectReference: {fileID: 0}
    - target: {fileID: 4934219150772252, guid: 07232b84fecc54e45b2e071b6885bb96, type: 3}
      propertyPath: m_LocalPosition.z
      value: -0.4
      objectReference: {fileID: 0}
    - target: {fileID: 4934219150772252, guid: 07232b84fecc54e45b2e071b6885bb96, type: 3}
      propertyPath: m_LocalRotation.w
      value: 1
      objectReference: {fileID: 0}
    - target: {fileID: 4934219150772252, guid: 07232b84fecc54e45b2e071b6885bb96, type: 3}
      propertyPath: m_LocalRotation.x
      value: 0.000000021855694
      objectReference: {fileID: 0}
    - target: {fileID: 4934219150772252, guid: 07232b84fecc54e45b2e071b6885bb96, type: 3}
      propertyPath: m_LocalRotation.y
      value: -0
      objectReference: {fileID: 0}
    - target: {fileID: 4934219150772252, guid: 07232b84fecc54e45b2e071b6885bb96, type: 3}
      propertyPath: m_LocalRotation.z
      value: -0
      objectReference: {fileID: 0}
    - target: {fileID: 4934219150772252, guid: 07232b84fecc54e45b2e071b6885bb96, type: 3}
      propertyPath: m_LocalEulerAnglesHint.x
      value: 0
      objectReference: {fileID: 0}
    - target: {fileID: 4934219150772252, guid: 07232b84fecc54e45b2e071b6885bb96, type: 3}
      propertyPath: m_LocalEulerAnglesHint.y
      value: 0
      objectReference: {fileID: 0}
    - target: {fileID: 4934219150772252, guid: 07232b84fecc54e45b2e071b6885bb96, type: 3}
      propertyPath: m_LocalEulerAnglesHint.z
      value: 0
      objectReference: {fileID: 0}
    m_RemovedComponents: []
    m_RemovedGameObjects: []
    m_AddedGameObjects: []
    m_AddedComponents: []
  m_SourcePrefab: {fileID: 100100000, guid: 07232b84fecc54e45b2e071b6885bb96, type: 3}
--- !u!4 &8808442752157009906 stripped
Transform:
  m_CorrespondingSourceObject: {fileID: 4934219150772252, guid: 07232b84fecc54e45b2e071b6885bb96, type: 3}
  m_PrefabInstance: {fileID: 8803525338443747310}
  m_PrefabAsset: {fileID: 0}
